%YAML 1.1
%TAG !u! tag:unity3d.com,2011:
--- !u!1 &3875633343920155657
GameObject:
  m_ObjectHideFlags: 0
  m_CorrespondingSourceObject: {fileID: 0}
  m_PrefabInstance: {fileID: 0}
  m_PrefabAsset: {fileID: 0}
  serializedVersion: 6
  m_Component:
  - component: {fileID: 3875633343920155656}
  - component: {fileID: 3875633343920155663}
  - component: {fileID: 3875633343920155662}
  m_Layer: 0
  m_Name: EyeSpawner
  m_TagString: Untagged
  m_Icon: {fileID: 0}
  m_NavMeshLayer: 0
  m_StaticEditorFlags: 0
  m_IsActive: 1
--- !u!4 &3875633343920155656
Transform:
  m_ObjectHideFlags: 0
  m_CorrespondingSourceObject: {fileID: 0}
  m_PrefabInstance: {fileID: 0}
  m_PrefabAsset: {fileID: 0}
  m_GameObject: {fileID: 3875633343920155657}
  m_LocalRotation: {x: -0, y: -0, z: -0, w: 1}
  m_LocalPosition: {x: 0, y: 0, z: 0}
  m_LocalScale: {x: 1, y: 1, z: 1}
  m_Children:
  - {fileID: 1882965141872193886}
  - {fileID: 4514681716964543147}
  - {fileID: 4514681718822257670}
  - {fileID: 4514681718272470220}
  - {fileID: 4514681717692121801}
  m_Father: {fileID: 3875633345267359278}
  m_RootOrder: 0
  m_LocalEulerAnglesHint: {x: 0, y: 0, z: 0}
--- !u!114 &3875633343920155663
MonoBehaviour:
  m_ObjectHideFlags: 0
  m_CorrespondingSourceObject: {fileID: 0}
  m_PrefabInstance: {fileID: 0}
  m_PrefabAsset: {fileID: 0}
  m_GameObject: {fileID: 3875633343920155657}
  m_Enabled: 1
  m_EditorHideFlags: 0
  m_Script: {fileID: 11500000, guid: f282fc671a4e5404d989111bb6f39fdb, type: 3}
  m_Name: 
  m_EditorClassIdentifier: 
  deathEvent:
    m_PersistentCalls:
      m_Calls: []
  blob: {fileID: 3875633344066999035}
  followLight: {fileID: 0}
  moonlight: {fileID: 0}
  eyes:
  - {fileID: 4518940762985126238}
  - {fileID: 1887146118809232043}
  - {fileID: 1887146120692837382}
  - {fileID: 1887146120185529548}
  - {fileID: 1887146119692266185}
  isBeing: 1
  isDarkObject: 0
  isDarkForrest: 0
  minOffset: -0.2
  maxOffset: 0.2
  timeBetweenSpawn: 1.5
  timeToDespawn: 2.5
  eyesAppear: 2.5
  eyesHeightOffset: 0
--- !u!61 &3875633343920155662
BoxCollider2D:
  m_ObjectHideFlags: 0
  m_CorrespondingSourceObject: {fileID: 0}
  m_PrefabInstance: {fileID: 0}
  m_PrefabAsset: {fileID: 0}
  m_GameObject: {fileID: 3875633343920155657}
  m_Enabled: 1
  m_Density: 1
  m_Material: {fileID: 0}
  m_IsTrigger: 1
  m_UsedByEffector: 0
  m_UsedByComposite: 0
  m_Offset: {x: 0, y: 0}
  m_SpriteTilingProperty:
    border: {x: 0, y: 0, z: 0, w: 0}
    pivot: {x: 0, y: 0}
    oldSize: {x: 0, y: 0}
    newSize: {x: 0, y: 0}
    adaptiveTilingThreshold: 0
    drawMode: 0
    adaptiveTiling: 0
  m_AutoTiling: 0
  serializedVersion: 2
  m_Size: {x: 1, y: 1}
  m_EdgeRadius: 0
--- !u!1 &3875633343938697721
GameObject:
  m_ObjectHideFlags: 0
  m_CorrespondingSourceObject: {fileID: 0}
  m_PrefabInstance: {fileID: 0}
  m_PrefabAsset: {fileID: 0}
  serializedVersion: 6
  m_Component:
  - component: {fileID: 3875633343938697727}
  - component: {fileID: 3875633343938697720}
  m_Layer: 0
  m_Name: Shadowhole
  m_TagString: Untagged
  m_Icon: {fileID: 0}
  m_NavMeshLayer: 0
  m_StaticEditorFlags: 0
  m_IsActive: 1
--- !u!4 &3875633343938697727
Transform:
  m_ObjectHideFlags: 0
  m_CorrespondingSourceObject: {fileID: 0}
  m_PrefabInstance: {fileID: 0}
  m_PrefabAsset: {fileID: 0}
  m_GameObject: {fileID: 3875633343938697721}
  m_LocalRotation: {x: -0, y: -0, z: -0, w: 1}
  m_LocalPosition: {x: 0, y: 0, z: 0}
  m_LocalScale: {x: 1, y: 1, z: 1}
  m_Children: []
  m_Father: {fileID: 3875633345267359278}
  m_RootOrder: 1
  m_LocalEulerAnglesHint: {x: 0, y: 0, z: 0}
--- !u!212 &3875633343938697720
SpriteRenderer:
  m_ObjectHideFlags: 0
  m_CorrespondingSourceObject: {fileID: 0}
  m_PrefabInstance: {fileID: 0}
  m_PrefabAsset: {fileID: 0}
  m_GameObject: {fileID: 3875633343938697721}
  m_Enabled: 1
  m_CastShadows: 0
  m_ReceiveShadows: 0
  m_DynamicOccludee: 1
  m_MotionVectors: 1
  m_LightProbeUsage: 1
  m_ReflectionProbeUsage: 1
  m_RayTracingMode: 0
  m_RayTraceProcedural: 0
  m_RenderingLayerMask: 1
  m_RendererPriority: 0
  m_Materials:
  - {fileID: 2100000, guid: a97c105638bdf8b4a8650670310a4cd3, type: 2}
  m_StaticBatchInfo:
    firstSubMesh: 0
    subMeshCount: 0
  m_StaticBatchRoot: {fileID: 0}
  m_ProbeAnchor: {fileID: 0}
  m_LightProbeVolumeOverride: {fileID: 0}
  m_ScaleInLightmap: 1
  m_ReceiveGI: 1
  m_PreserveUVs: 0
  m_IgnoreNormalsForChartDetection: 0
  m_ImportantGI: 0
  m_StitchLightmapSeams: 1
  m_SelectedEditorRenderState: 0
  m_MinimumChartSize: 4
  m_AutoUVMaxDistance: 0.5
  m_AutoUVMaxAngle: 89
  m_LightmapParameters: {fileID: 0}
  m_SortingLayerID: 145527001
  m_SortingLayer: 4
  m_SortingOrder: 3
  m_Sprite: {fileID: -2413806693520163455, guid: 4adeaf2d2b1c7417e89f026626d8264f, type: 3}
  m_Color: {r: 0, g: 0, b: 0, a: 1}
  m_FlipX: 0
  m_FlipY: 0
  m_DrawMode: 0
  m_Size: {x: 1, y: 1}
  m_AdaptiveModeThreshold: 0.5
  m_SpriteTileMode: 0
  m_WasSpriteAssigned: 1
  m_MaskInteraction: 0
  m_SpriteSortPoint: 0
--- !u!1 &3875633344066999029
GameObject:
  m_ObjectHideFlags: 0
  m_CorrespondingSourceObject: {fileID: 0}
  m_PrefabInstance: {fileID: 0}
  m_PrefabAsset: {fileID: 0}
  serializedVersion: 6
  m_Component:
  - component: {fileID: 3875633345267359278}
  - component: {fileID: 3875633344066999034}
  - component: {fileID: 3875633344066999035}
  - component: {fileID: 3875633344066999028}
  - component: {fileID: 3875633344066999032}
  m_Layer: 0
  m_Name: blob
  m_TagString: Untagged
  m_Icon: {fileID: 0}
  m_NavMeshLayer: 0
  m_StaticEditorFlags: 0
  m_IsActive: 1
--- !u!4 &3875633345267359278
Transform:
  m_ObjectHideFlags: 0
  m_CorrespondingSourceObject: {fileID: 0}
  m_PrefabInstance: {fileID: 0}
  m_PrefabAsset: {fileID: 0}
  m_GameObject: {fileID: 3875633344066999029}
  m_LocalRotation: {x: 0, y: 0, z: 0, w: 1}
  m_LocalPosition: {x: -29.76, y: 1.99, z: 0}
  m_LocalScale: {x: 0.2, y: 0.2, z: 0.1}
  m_Children:
  - {fileID: 3875633343920155656}
  - {fileID: 3875633343938697727}
  m_Father: {fileID: 0}
  m_RootOrder: 0
  m_LocalEulerAnglesHint: {x: 0, y: 0, z: 0}
--- !u!212 &3875633344066999034
SpriteRenderer:
  m_ObjectHideFlags: 0
  m_CorrespondingSourceObject: {fileID: 0}
  m_PrefabInstance: {fileID: 0}
  m_PrefabAsset: {fileID: 0}
  m_GameObject: {fileID: 3875633344066999029}
  m_Enabled: 1
  m_CastShadows: 0
  m_ReceiveShadows: 0
  m_DynamicOccludee: 1
  m_MotionVectors: 1
  m_LightProbeUsage: 1
  m_ReflectionProbeUsage: 1
  m_RayTracingMode: 0
  m_RayTraceProcedural: 0
  m_RenderingLayerMask: 1
  m_RendererPriority: 0
  m_Materials:
  - {fileID: 2100000, guid: a97c105638bdf8b4a8650670310a4cd3, type: 2}
  m_StaticBatchInfo:
    firstSubMesh: 0
    subMeshCount: 0
  m_StaticBatchRoot: {fileID: 0}
  m_ProbeAnchor: {fileID: 0}
  m_LightProbeVolumeOverride: {fileID: 0}
  m_ScaleInLightmap: 1
  m_ReceiveGI: 1
  m_PreserveUVs: 0
  m_IgnoreNormalsForChartDetection: 0
  m_ImportantGI: 0
  m_StitchLightmapSeams: 1
  m_SelectedEditorRenderState: 0
  m_MinimumChartSize: 4
  m_AutoUVMaxDistance: 0.5
  m_AutoUVMaxAngle: 89
  m_LightmapParameters: {fileID: 0}
  m_SortingLayerID: 145527001
  m_SortingLayer: 4
  m_SortingOrder: 5
  m_Sprite: {fileID: 21300000, guid: 04e7337f762132b4190052c5a94b8739, type: 3}
  m_Color: {r: 1, g: 1, b: 1, a: 1}
  m_FlipX: 0
  m_FlipY: 0
  m_DrawMode: 0
  m_Size: {x: 5.54, y: 3.88}
  m_AdaptiveModeThreshold: 0.5
  m_SpriteTileMode: 0
  m_WasSpriteAssigned: 1
  m_MaskInteraction: 0
  m_SpriteSortPoint: 0
--- !u!114 &3875633344066999035
MonoBehaviour:
  m_ObjectHideFlags: 0
  m_CorrespondingSourceObject: {fileID: 0}
  m_PrefabInstance: {fileID: 0}
  m_PrefabAsset: {fileID: 0}
  m_GameObject: {fileID: 3875633344066999029}
  m_Enabled: 1
  m_EditorHideFlags: 0
  m_Script: {fileID: 11500000, guid: 7a8a6150e807e2c459acdff5b3c60436, type: 3}
  m_Name: 
  m_EditorClassIdentifier: 
  OnDied:
    m_PersistentCalls:
      m_Calls: []
  followObject: {fileID: 0}
  eyeBehaviour: {fileID: 3875633343920155663}
  maxDistance: 5
  ending: 0
  spawnPointObject: {fileID: 0}
  blackHole: {fileID: 3875633343938697721}
  maxScaleBlackhole: {x: 7, y: 7, z: 7}
  growthSpeed: {x: 0.1, y: 0.1, z: 0.1}
  speed: 0.5
--- !u!50 &3875633344066999028
Rigidbody2D:
  serializedVersion: 4
  m_ObjectHideFlags: 0
  m_CorrespondingSourceObject: {fileID: 0}
  m_PrefabInstance: {fileID: 0}
  m_PrefabAsset: {fileID: 0}
  m_GameObject: {fileID: 3875633344066999029}
  m_BodyType: 0
  m_Simulated: 1
  m_UseFullKinematicContacts: 0
  m_UseAutoMass: 0
  m_Mass: 1
  m_LinearDrag: 0
  m_AngularDrag: 0.05
  m_GravityScale: 0.01
  m_Material: {fileID: 0}
  m_Interpolate: 0
  m_SleepingMode: 1
  m_CollisionDetection: 0
  m_Constraints: 0
--- !u!61 &3875633344066999032
BoxCollider2D:
  m_ObjectHideFlags: 0
  m_CorrespondingSourceObject: {fileID: 0}
  m_PrefabInstance: {fileID: 0}
  m_PrefabAsset: {fileID: 0}
  m_GameObject: {fileID: 3875633344066999029}
  m_Enabled: 1
  m_Density: 1
  m_Material: {fileID: 0}
  m_IsTrigger: 0
  m_UsedByEffector: 0
  m_UsedByComposite: 0
  m_Offset: {x: 0, y: 0}
  m_SpriteTilingProperty:
    border: {x: 0, y: 0, z: 0, w: 0}
    pivot: {x: 0.5, y: 0.5}
    oldSize: {x: 5.54, y: 3.88}
    newSize: {x: 5.54, y: 3.88}
    adaptiveTilingThreshold: 0.5
    drawMode: 0
    adaptiveTiling: 0
  m_AutoTiling: 0
  serializedVersion: 2
  m_Size: {x: 5, y: 1}
  m_EdgeRadius: 0
--- !u!1001 &1247495129508885938
PrefabInstance:
  m_ObjectHideFlags: 0
  serializedVersion: 2
  m_Modification:
    m_TransformParent: {fileID: 3875633343920155656}
    m_Modifications:
    - target: {fileID: 823697916191573228, guid: b5e9fa9159d52734c9d15de8f569285b, type: 3}
      propertyPath: m_RootOrder
      value: 0
      objectReference: {fileID: 0}
    - target: {fileID: 823697916191573228, guid: b5e9fa9159d52734c9d15de8f569285b, type: 3}
      propertyPath: m_LocalScale.x
      value: 0.5
      objectReference: {fileID: 0}
    - target: {fileID: 823697916191573228, guid: b5e9fa9159d52734c9d15de8f569285b, type: 3}
      propertyPath: m_LocalScale.y
      value: 0.5
      objectReference: {fileID: 0}
    - target: {fileID: 823697916191573228, guid: b5e9fa9159d52734c9d15de8f569285b, type: 3}
      propertyPath: m_LocalScale.z
      value: 1
      objectReference: {fileID: 0}
    - target: {fileID: 823697916191573228, guid: b5e9fa9159d52734c9d15de8f569285b, type: 3}
      propertyPath: m_LocalPosition.x
      value: 0.81500053
      objectReference: {fileID: 0}
    - target: {fileID: 823697916191573228, guid: b5e9fa9159d52734c9d15de8f569285b, type: 3}
      propertyPath: m_LocalPosition.y
      value: -1.133349
      objectReference: {fileID: 0}
    - target: {fileID: 823697916191573228, guid: b5e9fa9159d52734c9d15de8f569285b, type: 3}
      propertyPath: m_LocalPosition.z
      value: 0
      objectReference: {fileID: 0}
    - target: {fileID: 823697916191573228, guid: b5e9fa9159d52734c9d15de8f569285b, type: 3}
      propertyPath: m_LocalRotation.w
      value: 1
      objectReference: {fileID: 0}
    - target: {fileID: 823697916191573228, guid: b5e9fa9159d52734c9d15de8f569285b, type: 3}
      propertyPath: m_LocalRotation.x
      value: -0
      objectReference: {fileID: 0}
    - target: {fileID: 823697916191573228, guid: b5e9fa9159d52734c9d15de8f569285b, type: 3}
      propertyPath: m_LocalRotation.y
      value: -0
      objectReference: {fileID: 0}
    - target: {fileID: 823697916191573228, guid: b5e9fa9159d52734c9d15de8f569285b, type: 3}
      propertyPath: m_LocalRotation.z
      value: -0
      objectReference: {fileID: 0}
    - target: {fileID: 823697916191573228, guid: b5e9fa9159d52734c9d15de8f569285b, type: 3}
      propertyPath: m_LocalEulerAnglesHint.x
      value: 0
      objectReference: {fileID: 0}
    - target: {fileID: 823697916191573228, guid: b5e9fa9159d52734c9d15de8f569285b, type: 3}
      propertyPath: m_LocalEulerAnglesHint.y
      value: 0
      objectReference: {fileID: 0}
    - target: {fileID: 823697916191573228, guid: b5e9fa9159d52734c9d15de8f569285b, type: 3}
      propertyPath: m_LocalEulerAnglesHint.z
      value: 0
      objectReference: {fileID: 0}
    - target: {fileID: 3068999878836089620, guid: b5e9fa9159d52734c9d15de8f569285b, type: 3}
      propertyPath: m_Name
      value: Eyes
      objectReference: {fileID: 0}
    m_RemovedComponents: []
  m_SourcePrefab: {fileID: 100100000, guid: b5e9fa9159d52734c9d15de8f569285b, type: 3}
--- !u!4 &1882965141872193886 stripped
Transform:
  m_CorrespondingSourceObject: {fileID: 823697916191573228, guid: b5e9fa9159d52734c9d15de8f569285b, type: 3}
  m_PrefabInstance: {fileID: 1247495129508885938}
  m_PrefabAsset: {fileID: 0}
--- !u!114 &4518940762985126238 stripped
MonoBehaviour:
  m_CorrespondingSourceObject: {fileID: 3456933395578940652, guid: b5e9fa9159d52734c9d15de8f569285b, type: 3}
  m_PrefabInstance: {fileID: 1247495129508885938}
  m_PrefabAsset: {fileID: 0}
  m_GameObject: {fileID: 0}
  m_Enabled: 1
  m_EditorHideFlags: 0
  m_Script: {fileID: 11500000, guid: b79858cc2690e63449dfc6363d734778, type: 3}
  m_Name: 
  m_EditorClassIdentifier: 
--- !u!1001 &3875633344008638023
PrefabInstance:
  m_ObjectHideFlags: 0
  serializedVersion: 2
  m_Modification:
    m_TransformParent: {fileID: 3875633343920155656}
    m_Modifications:
    - target: {fileID: 823697916191573228, guid: b5e9fa9159d52734c9d15de8f569285b, type: 3}
      propertyPath: m_RootOrder
      value: 1
      objectReference: {fileID: 0}
    - target: {fileID: 823697916191573228, guid: b5e9fa9159d52734c9d15de8f569285b, type: 3}
      propertyPath: m_LocalScale.x
      value: 0.5
      objectReference: {fileID: 0}
    - target: {fileID: 823697916191573228, guid: b5e9fa9159d52734c9d15de8f569285b, type: 3}
      propertyPath: m_LocalScale.y
      value: 0.5
      objectReference: {fileID: 0}
    - target: {fileID: 823697916191573228, guid: b5e9fa9159d52734c9d15de8f569285b, type: 3}
      propertyPath: m_LocalScale.z
      value: 1
      objectReference: {fileID: 0}
    - target: {fileID: 823697916191573228, guid: b5e9fa9159d52734c9d15de8f569285b, type: 3}
      propertyPath: m_LocalPosition.x
      value: 0.81500053
      objectReference: {fileID: 0}
    - target: {fileID: 823697916191573228, guid: b5e9fa9159d52734c9d15de8f569285b, type: 3}
      propertyPath: m_LocalPosition.y
      value: -1.133349
      objectReference: {fileID: 0}
    - target: {fileID: 823697916191573228, guid: b5e9fa9159d52734c9d15de8f569285b, type: 3}
      propertyPath: m_LocalPosition.z
      value: 0
      objectReference: {fileID: 0}
    - target: {fileID: 823697916191573228, guid: b5e9fa9159d52734c9d15de8f569285b, type: 3}
      propertyPath: m_LocalRotation.w
      value: 1
      objectReference: {fileID: 0}
    - target: {fileID: 823697916191573228, guid: b5e9fa9159d52734c9d15de8f569285b, type: 3}
      propertyPath: m_LocalRotation.x
      value: -0
      objectReference: {fileID: 0}
    - target: {fileID: 823697916191573228, guid: b5e9fa9159d52734c9d15de8f569285b, type: 3}
      propertyPath: m_LocalRotation.y
      value: -0
      objectReference: {fileID: 0}
    - target: {fileID: 823697916191573228, guid: b5e9fa9159d52734c9d15de8f569285b, type: 3}
      propertyPath: m_LocalRotation.z
      value: -0
      objectReference: {fileID: 0}
    - target: {fileID: 823697916191573228, guid: b5e9fa9159d52734c9d15de8f569285b, type: 3}
      propertyPath: m_LocalEulerAnglesHint.x
      value: 0
      objectReference: {fileID: 0}
    - target: {fileID: 823697916191573228, guid: b5e9fa9159d52734c9d15de8f569285b, type: 3}
      propertyPath: m_LocalEulerAnglesHint.y
      value: 0
      objectReference: {fileID: 0}
    - target: {fileID: 823697916191573228, guid: b5e9fa9159d52734c9d15de8f569285b, type: 3}
      propertyPath: m_LocalEulerAnglesHint.z
      value: 0
      objectReference: {fileID: 0}
    - target: {fileID: 3068999878836089620, guid: b5e9fa9159d52734c9d15de8f569285b, type: 3}
      propertyPath: m_Name
      value: Eyes (1)
      objectReference: {fileID: 0}
    m_RemovedComponents: []
  m_SourcePrefab: {fileID: 100100000, guid: b5e9fa9159d52734c9d15de8f569285b, type: 3}
--- !u!4 &4514681716964543147 stripped
Transform:
  m_CorrespondingSourceObject: {fileID: 823697916191573228, guid: b5e9fa9159d52734c9d15de8f569285b, type: 3}
  m_PrefabInstance: {fileID: 3875633344008638023}
  m_PrefabAsset: {fileID: 0}
--- !u!114 &1887146118809232043 stripped
MonoBehaviour:
  m_CorrespondingSourceObject: {fileID: 3456933395578940652, guid: b5e9fa9159d52734c9d15de8f569285b, type: 3}
  m_PrefabInstance: {fileID: 3875633344008638023}
  m_PrefabAsset: {fileID: 0}
  m_GameObject: {fileID: 0}
  m_Enabled: 1
  m_EditorHideFlags: 0
  m_Script: {fileID: 11500000, guid: b79858cc2690e63449dfc6363d734778, type: 3}
  m_Name: 
  m_EditorClassIdentifier: 
--- !u!1001 &3875633344727828005
PrefabInstance:
  m_ObjectHideFlags: 0
  serializedVersion: 2
  m_Modification:
    m_TransformParent: {fileID: 3875633343920155656}
    m_Modifications:
    - target: {fileID: 823697916191573228, guid: b5e9fa9159d52734c9d15de8f569285b, type: 3}
      propertyPath: m_RootOrder
      value: 4
      objectReference: {fileID: 0}
    - target: {fileID: 823697916191573228, guid: b5e9fa9159d52734c9d15de8f569285b, type: 3}
      propertyPath: m_LocalScale.x
      value: 0.5
      objectReference: {fileID: 0}
    - target: {fileID: 823697916191573228, guid: b5e9fa9159d52734c9d15de8f569285b, type: 3}
      propertyPath: m_LocalScale.y
      value: 0.5
      objectReference: {fileID: 0}
    - target: {fileID: 823697916191573228, guid: b5e9fa9159d52734c9d15de8f569285b, type: 3}
      propertyPath: m_LocalScale.z
      value: 1
      objectReference: {fileID: 0}
    - target: {fileID: 823697916191573228, guid: b5e9fa9159d52734c9d15de8f569285b, type: 3}
      propertyPath: m_LocalPosition.x
      value: 0.81500053
      objectReference: {fileID: 0}
    - target: {fileID: 823697916191573228, guid: b5e9fa9159d52734c9d15de8f569285b, type: 3}
      propertyPath: m_LocalPosition.y
      value: -1.133349
      objectReference: {fileID: 0}
    - target: {fileID: 823697916191573228, guid: b5e9fa9159d52734c9d15de8f569285b, type: 3}
      propertyPath: m_LocalPosition.z
      value: 0
      objectReference: {fileID: 0}
    - target: {fileID: 823697916191573228, guid: b5e9fa9159d52734c9d15de8f569285b, type: 3}
      propertyPath: m_LocalRotation.w
      value: 1
      objectReference: {fileID: 0}
    - target: {fileID: 823697916191573228, guid: b5e9fa9159d52734c9d15de8f569285b, type: 3}
      propertyPath: m_LocalRotation.x
      value: -0
      objectReference: {fileID: 0}
    - target: {fileID: 823697916191573228, guid: b5e9fa9159d52734c9d15de8f569285b, type: 3}
      propertyPath: m_LocalRotation.y
      value: -0
      objectReference: {fileID: 0}
    - target: {fileID: 823697916191573228, guid: b5e9fa9159d52734c9d15de8f569285b, type: 3}
      propertyPath: m_LocalRotation.z
      value: -0
      objectReference: {fileID: 0}
    - target: {fileID: 823697916191573228, guid: b5e9fa9159d52734c9d15de8f569285b, type: 3}
      propertyPath: m_LocalEulerAnglesHint.x
      value: 0
      objectReference: {fileID: 0}
    - target: {fileID: 823697916191573228, guid: b5e9fa9159d52734c9d15de8f569285b, type: 3}
      propertyPath: m_LocalEulerAnglesHint.y
      value: 0
      objectReference: {fileID: 0}
    - target: {fileID: 823697916191573228, guid: b5e9fa9159d52734c9d15de8f569285b, type: 3}
      propertyPath: m_LocalEulerAnglesHint.z
      value: 0
      objectReference: {fileID: 0}
    - target: {fileID: 3068999878836089620, guid: b5e9fa9159d52734c9d15de8f569285b, type: 3}
      propertyPath: m_Name
      value: Eyes (4)
      objectReference: {fileID: 0}
    m_RemovedComponents: []
  m_SourcePrefab: {fileID: 100100000, guid: b5e9fa9159d52734c9d15de8f569285b, type: 3}
--- !u!4 &4514681717692121801 stripped
Transform:
  m_CorrespondingSourceObject: {fileID: 823697916191573228, guid: b5e9fa9159d52734c9d15de8f569285b, type: 3}
  m_PrefabInstance: {fileID: 3875633344727828005}
  m_PrefabAsset: {fileID: 0}
--- !u!114 &1887146119692266185 stripped
MonoBehaviour:
  m_CorrespondingSourceObject: {fileID: 3456933395578940652, guid: b5e9fa9159d52734c9d15de8f569285b, type: 3}
  m_PrefabInstance: {fileID: 3875633344727828005}
  m_PrefabAsset: {fileID: 0}
  m_GameObject: {fileID: 0}
  m_Enabled: 1
  m_EditorHideFlags: 0
  m_Script: {fileID: 11500000, guid: b79858cc2690e63449dfc6363d734778, type: 3}
  m_Name: 
  m_EditorClassIdentifier: 
--- !u!1001 &3875633345316562976
PrefabInstance:
  m_ObjectHideFlags: 0
  serializedVersion: 2
  m_Modification:
    m_TransformParent: {fileID: 3875633343920155656}
    m_Modifications:
    - target: {fileID: 823697916191573228, guid: b5e9fa9159d52734c9d15de8f569285b, type: 3}
      propertyPath: m_RootOrder
      value: 3
      objectReference: {fileID: 0}
    - target: {fileID: 823697916191573228, guid: b5e9fa9159d52734c9d15de8f569285b, type: 3}
      propertyPath: m_LocalScale.x
      value: 0.5
      objectReference: {fileID: 0}
    - target: {fileID: 823697916191573228, guid: b5e9fa9159d52734c9d15de8f569285b, type: 3}
      propertyPath: m_LocalScale.y
      value: 0.5
      objectReference: {fileID: 0}
    - target: {fileID: 823697916191573228, guid: b5e9fa9159d52734c9d15de8f569285b, type: 3}
      propertyPath: m_LocalScale.z
      value: 1
      objectReference: {fileID: 0}
    - target: {fileID: 823697916191573228, guid: b5e9fa9159d52734c9d15de8f569285b, type: 3}
      propertyPath: m_LocalPosition.x
      value: 0.81500053
      objectReference: {fileID: 0}
    - target: {fileID: 823697916191573228, guid: b5e9fa9159d52734c9d15de8f569285b, type: 3}
      propertyPath: m_LocalPosition.y
      value: -1.133349
      objectReference: {fileID: 0}
    - target: {fileID: 823697916191573228, guid: b5e9fa9159d52734c9d15de8f569285b, type: 3}
      propertyPath: m_LocalPosition.z
      value: 0
      objectReference: {fileID: 0}
    - target: {fileID: 823697916191573228, guid: b5e9fa9159d52734c9d15de8f569285b, type: 3}
      propertyPath: m_LocalRotation.w
      value: 1
      objectReference: {fileID: 0}
    - target: {fileID: 823697916191573228, guid: b5e9fa9159d52734c9d15de8f569285b, type: 3}
      propertyPath: m_LocalRotation.x
      value: -0
      objectReference: {fileID: 0}
    - target: {fileID: 823697916191573228, guid: b5e9fa9159d52734c9d15de8f569285b, type: 3}
      propertyPath: m_LocalRotation.y
      value: -0
      objectReference: {fileID: 0}
    - target: {fileID: 823697916191573228, guid: b5e9fa9159d52734c9d15de8f569285b, type: 3}
      propertyPath: m_LocalRotation.z
      value: -0
      objectReference: {fileID: 0}
    - target: {fileID: 823697916191573228, guid: b5e9fa9159d52734c9d15de8f569285b, type: 3}
      propertyPath: m_LocalEulerAnglesHint.x
      value: 0
      objectReference: {fileID: 0}
    - target: {fileID: 823697916191573228, guid: b5e9fa9159d52734c9d15de8f569285b, type: 3}
      propertyPath: m_LocalEulerAnglesHint.y
      value: 0
      objectReference: {fileID: 0}
    - target: {fileID: 823697916191573228, guid: b5e9fa9159d52734c9d15de8f569285b, type: 3}
      propertyPath: m_LocalEulerAnglesHint.z
      value: 0
      objectReference: {fileID: 0}
    - target: {fileID: 3068999878836089620, guid: b5e9fa9159d52734c9d15de8f569285b, type: 3}
      propertyPath: m_Name
      value: Eyes (3)
      objectReference: {fileID: 0}
    m_RemovedComponents: []
  m_SourcePrefab: {fileID: 100100000, guid: b5e9fa9159d52734c9d15de8f569285b, type: 3}
--- !u!4 &4514681718272470220 stripped
Transform:
  m_CorrespondingSourceObject: {fileID: 823697916191573228, guid: b5e9fa9159d52734c9d15de8f569285b, type: 3}
  m_PrefabInstance: {fileID: 3875633345316562976}
  m_PrefabAsset: {fileID: 0}
--- !u!114 &1887146120185529548 stripped
MonoBehaviour:
  m_CorrespondingSourceObject: {fileID: 3456933395578940652, guid: b5e9fa9159d52734c9d15de8f569285b, type: 3}
  m_PrefabInstance: {fileID: 3875633345316562976}
  m_PrefabAsset: {fileID: 0}
  m_GameObject: {fileID: 0}
  m_Enabled: 1
  m_EditorHideFlags: 0
  m_Script: {fileID: 11500000, guid: b79858cc2690e63449dfc6363d734778, type: 3}
  m_Name: 
  m_EditorClassIdentifier: 
--- !u!1001 &3875633345875263722
PrefabInstance:
  m_ObjectHideFlags: 0
  serializedVersion: 2
  m_Modification:
    m_TransformParent: {fileID: 3875633343920155656}
    m_Modifications:
    - target: {fileID: 823697916191573228, guid: b5e9fa9159d52734c9d15de8f569285b, type: 3}
      propertyPath: m_RootOrder
      value: 2
      objectReference: {fileID: 0}
    - target: {fileID: 823697916191573228, guid: b5e9fa9159d52734c9d15de8f569285b, type: 3}
      propertyPath: m_LocalScale.x
      value: 0.5
      objectReference: {fileID: 0}
    - target: {fileID: 823697916191573228, guid: b5e9fa9159d52734c9d15de8f569285b, type: 3}
      propertyPath: m_LocalScale.y
      value: 0.5
      objectReference: {fileID: 0}
    - target: {fileID: 823697916191573228, guid: b5e9fa9159d52734c9d15de8f569285b, type: 3}
      propertyPath: m_LocalScale.z
      value: 1
      objectReference: {fileID: 0}
    - target: {fileID: 823697916191573228, guid: b5e9fa9159d52734c9d15de8f569285b, type: 3}
      propertyPath: m_LocalPosition.x
      value: 0.81500053
      objectReference: {fileID: 0}
    - target: {fileID: 823697916191573228, guid: b5e9fa9159d52734c9d15de8f569285b, type: 3}
      propertyPath: m_LocalPosition.y
      value: -1.133349
      objectReference: {fileID: 0}
    - target: {fileID: 823697916191573228, guid: b5e9fa9159d52734c9d15de8f569285b, type: 3}
      propertyPath: m_LocalPosition.z
      value: 0
      objectReference: {fileID: 0}
    - target: {fileID: 823697916191573228, guid: b5e9fa9159d52734c9d15de8f569285b, type: 3}
      propertyPath: m_LocalRotation.w
      value: 1
      objectReference: {fileID: 0}
    - target: {fileID: 823697916191573228, guid: b5e9fa9159d52734c9d15de8f569285b, type: 3}
      propertyPath: m_LocalRotation.x
      value: -0
      objectReference: {fileID: 0}
    - target: {fileID: 823697916191573228, guid: b5e9fa9159d52734c9d15de8f569285b, type: 3}
      propertyPath: m_LocalRotation.y
      value: -0
      objectReference: {fileID: 0}
    - target: {fileID: 823697916191573228, guid: b5e9fa9159d52734c9d15de8f569285b, type: 3}
      propertyPath: m_LocalRotation.z
      value: -0
      objectReference: {fileID: 0}
    - target: {fileID: 823697916191573228, guid: b5e9fa9159d52734c9d15de8f569285b, type: 3}
      propertyPath: m_LocalEulerAnglesHint.x
      value: 0
      objectReference: {fileID: 0}
    - target: {fileID: 823697916191573228, guid: b5e9fa9159d52734c9d15de8f569285b, type: 3}
      propertyPath: m_LocalEulerAnglesHint.y
      value: 0
      objectReference: {fileID: 0}
    - target: {fileID: 823697916191573228, guid: b5e9fa9159d52734c9d15de8f569285b, type: 3}
      propertyPath: m_LocalEulerAnglesHint.z
      value: 0
      objectReference: {fileID: 0}
    - target: {fileID: 3068999878836089620, guid: b5e9fa9159d52734c9d15de8f569285b, type: 3}
      propertyPath: m_Name
      value: Eyes (2)
      objectReference: {fileID: 0}
    m_RemovedComponents: []
  m_SourcePrefab: {fileID: 100100000, guid: b5e9fa9159d52734c9d15de8f569285b, type: 3}
--- !u!4 &4514681718822257670 stripped
Transform:
  m_CorrespondingSourceObject: {fileID: 823697916191573228, guid: b5e9fa9159d52734c9d15de8f569285b, type: 3}
  m_PrefabInstance: {fileID: 3875633345875263722}
  m_PrefabAsset: {fileID: 0}
--- !u!114 &1887146120692837382 stripped
MonoBehaviour:
  m_CorrespondingSourceObject: {fileID: 3456933395578940652, guid: b5e9fa9159d52734c9d15de8f569285b, type: 3}
  m_PrefabInstance: {fileID: 3875633345875263722}
  m_PrefabAsset: {fileID: 0}
  m_GameObject: {fileID: 0}
  m_Enabled: 1
  m_EditorHideFlags: 0
  m_Script: {fileID: 11500000, guid: b79858cc2690e63449dfc6363d734778, type: 3}
  m_Name: 
  m_EditorClassIdentifier: 
